@article{Bentley2014,
    title = {{Coupling mRNA processing with transcription in time and space. TL - 15}},
    year = {2014},
    journal = {Nature reviews. Genetics},
    author = {Bentley, David L},
    number = {3},
    pages = {163--175},
    volume = {15},
    publisher = {Nature Publishing Group},
    url = {/Users/yurikoharigaya/Documents/ReadCube Media/Nat Rev Genet 2014 Bentley DL.pdf\nhttp://dx.doi.org/10.1038/nrg3662},
    isbn = {1471-0056},
    doi = {10.1038/nrg3662},
    issn = {1471-0056},
    pmid = {24514444},
    arxivId = {NIHMS150003}
}

@article{Gunderson2011,
    title = {{Dynamic histone acetylation is critical for cotranscriptional spliceosome assembly and spliceosomal rearrangements.}},
    year = {2011},
    journal = {Proceedings of the National Academy of Sciences of the United States of America},
    author = {Gunderson, Felizza Q and Merkhofer, Evan C and Johnson, Tracy L},
    number = {5},
    pages = {2004--2009},
    volume = {108},
    isbn = {1091-6490 (Electronic){\textbackslash}n0027-8424 (Linking)},
    doi = {10.1073/pnas.1011982108},
    issn = {0027-8424},
    pmid = {21245291}
}

@article{Luco2011,
    title = {{Epigenetics in alternative pre-mRNA splicing}},
    year = {2011},
    journal = {Cell},
    author = {Luco, Reini F. and Allo, Mariano and Schor, Ignacio E. and Kornblihtt, Alberto R. and Misteli, Tom},
    number = {1},
    pages = {16--26},
    volume = {144},
    publisher = {Elsevier Inc.},
    isbn = {1097-4172; 0092-8674},
    doi = {10.1016/j.cell.2010.11.056},
    issn = {00928674},
    pmid = {21215366}
}

@article{PhoebeY.T.LuMichaelS.Kobor2009,
    title = {{NuA4 and SWR1-C: two chromatin-modifying complexes with overlapping functions and components}},
    year = {2009},
    journal = {Biochemistry and Cell Biology},
    author = {Lu, Phoebe Y.T. and Kobor, Michael S. and L{\'{e}}vesque, Nancy},
    number = {5},
    pages = {799--815},
    volume = {87},
    url = {http://www.nrcresearchpress.com/doi/abs/10.1139/O09-062},
    doi = {doi:10.1139/O09-062},
    issn = {0829-8211},
    keywords = {ainsi, chromatin-modifying complexes, h2a, les modifica-, nome des eucaryotes, nua4, swr1-c, z}
}

@article{LucoReiniF.PanQ.TominagaK.BlencoweB.J.Pereira-SmithO.M.Misteli2010,
    title = {{Regulation of Alternative Splicing by Histone Modifications}},
    year = {2010},
    journal = {Science},
    author = {Luco, Reini F., Pan, Q., Tominaga, K., Blencowe, B.J., Pereira-Smith, O.M., Misteli, T.},
    number = {2010},
    pages = {996--1000},
    volume = {327},
    isbn = {0036-8075},
    doi = {10.1126/science.1184208},
    issn = {0036-8075}
}

@article{Doyon2004,
    title = {{The highly conserved and multifunctional NuA4 HAT complex}},
    year = {2004},
    journal = {Current Opinion in Genetics and Development},
    author = {Doyon, Yannick and Cote, Jacques},
    number = {2},
    pages = {147--154},
    volume = {14},
    isbn = {0959-437X (Print){\textbackslash}r0959-437X (Linking)},
    doi = {10.1016/j.gde.2004.02.009},
    issn = {0959437X},
    pmid = {15196461},
    keywords = {ATM/PI-3 kinase, Ataxia telangiectasia/phosphatidylinositol-3 kinas, BrD, Bromodomain, DSB, Double-strand break, Eaf, Esa1, Esa1-associated factor, Essential Sas2-related acetyltransferase-1, HAT, HDAC, HSA, Histone acetyltransferase, Histone deacetylase}
}

@article{Hnilicova2011,
    title = {{Where splicing joins chromatin.}},
    year = {2011},
    journal = {Nucleus (Austin, Tex.)},
    author = {Hnilicov{\'{a}}, Jarmila and Stan{\v{e}}k, David},
    number = {3},
    pages = {182--8},
    volume = {2},
    url = {http://www.pubmedcentral.nih.gov/articlerender.fcgi?artid=3149878&tool=pmcentrez&rendertype=abstract},
    isbn = {1949-1042 (Electronic){\textbackslash}r1949-1042 (Linking)},
    doi = {10.4161/nucl.2.3.15876},
    issn = {1949-1042},
    pmid = {21818411},
    keywords = {Animals, Chromatin, Chromatin: genetics, Chromatin: metabolism, Humans, Nucleoproteins, Nucleoproteins: metabolism, RNA Precursors, RNA Precursors: genetics, RNA Splicing, Transcription Factors, Transcription Factors: metabolism, Transcription, Genetic, Transcription, Genetic: genetics}
}

@article{Kohlmaier2004AInactivation,
    title = {{A chromosomal memory triggered by Xist regulates histone methylation in X inactivation}},
    year = {2004},
    journal = {PLoS Biology},
    author = {Kohlmaier, Alexander and Savarese, Fabio and Lachner, Monika and Martens, Joost and Jenuwein, Thomas and Wutz, Anton},
    doi = {10.1371/journal.pbio.0020171},
    issn = {15449173}
}

@article{Ray2013ARegulation,
    title = {{A compendium of RNA-binding motifs for decoding gene regulation}},
    year = {2013},
    journal = {Nature},
    author = {Ray, Debashish and Kazan, Hilal and Cook, Kate B. and Weirauch, Matthew T. and Najafabadi, Hamed S. and Li, Xiao and Gueroussov, Serge and Albu, Mihai and Zheng, Hong and Yang, Ally and Na, Hong and Irimia, Manuel and Matzat, Leah H. and Dale, Ryan K. and Smith, Sarah A. and Yarosh, Christopher A. and Kelly, Seth M. and Nabet, Behnam and Mecenas, Desirea and Li, Weimin and Laishram, Rakesh S. and Qiao, Mei and Lipshitz, Howard D. and Piano, Fabio and Corbett, Anita H. and Carstens, Russ P. and Frey, Brendan J. and Anderson, Richard A. and Lynch, Kristen W. and Penalva, Luiz O.F. and Lei, Elissa P. and Fraser, Andrew G. and Blencowe, Benjamin J. and Morris, Quaid D. and Hughes, Timothy R.},
    doi = {10.1038/nature12311},
    issn = {00280836}
}

@article{Loman2015AData,
    title = {{A complete bacterial genome assembled de novo using only nanopore sequencing data}},
    year = {2015},
    journal = {Nature Methods},
    author = {Loman, Nicholas J. and Quick, Joshua and Simpson, Jared T.},
    doi = {10.1038/nmeth.3444},
    issn = {15487105}
}

@article{Yen2007AEutheria,
    title = {{A cross-species comparison of X-chromosome inactivation in Eutheria}},
    year = {2007},
    journal = {Genomics},
    author = {Yen, Ziny C. and Meyer, Irmtraud M. and Karalic, Sanja and Brown, Carolyn J.},
    doi = {10.1016/j.ygeno.2007.07.002},
    issn = {08887543},
    keywords = {Conserved secondary structure, DNA methylation, Dosage compensation (genetics), Functional secondary structure, Gene silencing, RNA, X (inactive)-specific transcript, X-chromosome inactivation}
}

@article{Cai2020AHomeostasis,
    title = {{A genome-wide long noncoding RNA CRISPRi screen identifies PRANCR as a novel regulator of epidermal homeostasis}},
    year = {2020},
    journal = {Genome Research},
    author = {Cai, Pengfei and Otten, Auke B.C. and Cheng, Binbin and Ishii, Mitsuhiro A. and Zhang, Wen and Huang, Beibei and Qu, Kun and Sun, Bryan K.},
    doi = {10.1101/gr.251561.119},
    issn = {15495469},
    pmid = {31804951}
}

@article{Broadbent2011ALncRNAs,
    title = {{A global transcriptional analysis of Plasmodium falciparum malaria reveals a novel family of telomere-associated lncRNAs}},
    year = {2011},
    journal = {Genome Biology},
    author = {Broadbent, Kate M. and Park, Daniel and Wolf, Ashley R. and Van Tyne, Daria and Sims, Jennifer S. and Ribacke, Ulf and Volkman, Sarah and Duraisingh, Manoj and Wirth, Dyann and Sabeti, Pardis C. and Rinn, John L.},
    doi = {10.1186/gb-2011-12-6-r56},
    issn = {14747596}
}

@article{Wang2011AExpression,
    title = {{A long noncoding RNA maintains active chromatin to coordinate homeotic gene expression}},
    year = {2011},
    journal = {Nature},
    author = {Wang, Kevin C. and Yang, Yul W. and Liu, Bo and Sanyal, Amartya and Corces-Zimmerman, Ryan and Chen, Yong and Lajoie, Bryan R. and Protacio, Angeline and Flynn, Ryan A. and Gupta, Rajnish A. and Wysocka, Joanna and Lei, Ming and Dekker, Job and Helms, Jill A. and Chang, Howard Y.},
    doi = {10.1038/nature09819},
    issn = {00280836}
}

@article{Moindrot2015ASilencing,
    title = {{A Pooled shRNA Screen Identifies Rbm15, Spen, and Wtap as Factors Required for Xist RNA-Mediated Silencing}},
    year = {2015},
    journal = {Cell Reports},
    author = {Moindrot, Benoit and Cerase, Andrea and Coker, Heather and Masui, Osamu and Grijzenhout, Anne and Pintacuda, Greta and Schermelleh, Lothar and Nesterova, Tatyana B. and Brockdorff, Neil},
    doi = {10.1016/j.celrep.2015.06.053},
    issn = {22111247}
}

@article{Hoki2009AMouse,
    title = {{A proximal conserved repeat in the Xist gene is essential as a genomic element for X-inactivation in mouse}},
    year = {2009},
    journal = {Development},
    author = {Hoki, Yuko and Kimura, Naomi and Kanbayashi, Minako and Amakawa, Yuko and Ohhata, Tatsuya and Sasaki, Hiroyuki and Sado, Takashi},
    doi = {10.1242/dev.026427},
    issn = {09501991},
    keywords = {Gene targeting, Mouse embryo, Tsix, X-inactivation, Xist}
}

@article{Rabiner1989ARecognition,
    title = {{A Tutorial on Hidden Markov Models and Selected Applications in Speech Recognition}},
    year = {1989},
    journal = {Proceedings of the IEEE},
    author = {Rabiner, Lawrence R.},
    doi = {10.1109/5.18626},
    issn = {15582256}
}

@article{Johnson2018AdaptationGenome,
    title = {{Adaptation and conservation insights from the koala genome}},
    year = {2018},
    journal = {Nature Genetics},
    author = {Johnson, Rebecca N. and O’Meally, Denis and Chen, Zhiliang and Etherington, Graham J. and Ho, Simon Y.W. and Nash, Will J. and Grueber, Catherine E. and Cheng, Yuanyuan and Whittington, Camilla M. and Dennison, Siobhan and Peel, Emma and Haerty, Wilfried and O’Neill, Rachel J. and Colgan, Don and Russell, Tonia L. and Alquezar-Planas, David E. and Attenbrow, Val and Bragg, Jason G. and Brandies, Parice A. and Chong, Amanda Yoon Yee and Deakin, Janine E. and Di Palma, Federica and Duda, Zachary and Eldridge, Mark D.B. and Ewart, Kyle M. and Hogg, Carolyn J. and Frankham, Greta J. and Georges, Arthur and Gillett, Amber K. and Govendir, Merran and Greenwood, Alex D. and Hayakawa, Takashi and Helgen, Kristofer M. and Hobbs, Matthew and Holleley, Clare E. and Heider, Thomas N. and Jones, Elizabeth A. and King, Andrew and Madden, Danielle and Graves, Jennifer A.Marshall and Morris, Katrina M. and Neaves, Linda E. and Patel, Hardip R. and Polkinghorne, Adam and Renfree, Marilyn B. and Robin, Charles and Salinas, Ryan and Tsangaras, Kyriakos and Waters, Paul D. and Waters, Shafagh A. and Wright, Belinda and Wilkins, Marc R. and Timms, Peter and Belov, Katherine},
    doi = {10.1038/s41588-018-0153-5},
    issn = {15461718},
    pmid = {29967444}
}

@article{Haubold2014Alignment-freeGenetics,
    title = {{Alignment-free phylogenetics and population genetics}},
    year = {2014},
    journal = {Briefings in Bioinformatics},
    author = {Haubold, Bernhard},
    doi = {10.1093/bib/bbt083},
    issn = {14774054},
    keywords = {Match length, Mutation distance, Phylogenetics, Population genetics, Suffix tree}
}

@article{Vinga2003Alignment-freeReview,
    title = {{Alignment-free sequence comparison - A review}},
    year = {2003},
    journal = {Bioinformatics},
    author = {Vinga, Susana and Almeida, Jonas},
    doi = {10.1093/bioinformatics/btg005},
    issn = {13674803},
    pmid = {12611807}
}

@article{Hon2017AnEnds,
    title = {{An atlas of human long non-coding RNAs with accurate 5′ ends}},
    year = {2017},
    journal = {Nature},
    author = {Hon, Chung Chau and Ramilowski, Jordan A. and Harshbarger, Jayson and Bertin, Nicolas and Rackham, Owen J.L. and Gough, Julian and Denisenko, Elena and Schmeier, Sebastian and Poulsen, Thomas M. and Severin, Jessica and Lizio, Marina and Kawaji, Hideya and Kasukawa, Takeya and Itoh, Masayoshi and Burroughs, A. Maxwell and Noma, Shohei and Djebali, Sarah and Alam, Tanvir and Medvedeva, Yulia A. and Testa, Alison C. and Lipovich, Leonard and Yip, Chi Wai and Abugessaisa, Imad and Mendez, Mickal and Hasegawa, Akira and Tang, Dave and Lassmann, Timo and Heutink, Peter and Babina, Magda and Wells, Christine A. and Kojima, Soichi and Nakamura, Yukio and Suzuki, Harukazu and Daub, Carsten O. and De Hoon, Michiel J.L. and Arner, Erik and Hayashizaki, Yoshihide and Carninci, Piero and Forrest, Alistair R.R.},
    doi = {10.1038/nature21374},
    issn = {14764687},
    pmid = {28241135}
}

@article{Pachter2002ApplicationsProblems,
    title = {{Applications of generalized pair Hidden Markov models to alignment and gene finding problems}},
    year = {2002},
    journal = {Journal of Computational Biology},
    author = {Pachter, Lior and Alexandersson, Marina and Cawley, Simon},
    doi = {10.1089/10665270252935520},
    issn = {10665277},
    keywords = {Alignment, Comparative genomics, Gene finding, Hidden markov model}
}

@article{Kolmogorov2019AssemblyGraphs,
    title = {{Assembly of long, error-prone reads using repeat graphs}},
    year = {2019},
    journal = {Nature Biotechnology},
    author = {Kolmogorov, Mikhail and Yuan, Jeffrey and Lin, Yu and Pevzner, Pavel A.},
    doi = {10.1038/s41587-019-0072-8},
    issn = {15461696}
}

@article{Altschul1990BasicTool,
    title = {{Basic local alignment search tool}},
    year = {1990},
    journal = {Journal of Molecular Biology},
    author = {Altschul, Stephen F. and Gish, Warren and Miller, Webb and Myers, Eugene W. and Lipman, David J.},
    doi = {10.1016/S0022-2836(05)80360-2},
    issn = {00222836},
    pmid = {2231712}
}

@misc{Nesterova2001CharacterizationSequence,
    title = {{Characterization of the genomic Xist locus in rodents reveals conservation of overall gene structure and tandem repeats but rapid evolution of unique sequence}},
    year = {2001},
    booktitle = {Genome Research},
    author = {Nesterova, Tatyana B. and Slobodyanyuk, Sergey Ya and Elisaphenko, Eugene A. and Shevchenko, Alexander I. and Johnston, Colette and Pavlova, Marina E. and Rogozin, Igor B. and Kolesnikov, Nikolay N. and Brockdorff, Neil and Zakian, Suren M.},
    doi = {10.1101/gr.174901},
    issn = {10889051}
}

@article{Bogu2016ChromatinMouse,
    title = {{Chromatin and RNA Maps Reveal Regulatory Long Noncoding RNAs in Mouse}},
    year = {2016},
    journal = {Molecular and Cellular Biology},
    author = {Bogu, Gireesh K. and Viz{\'{a}}n, Pedro and Stanton, Lawrence W. and Beato, Miguel and Di Croce, Luciano and Marti-Renom, Marc A.},
    doi = {10.1128/mcb.00955-15},
    issn = {0270-7306}
}

@article{Guttman2009ChromatinMammals,
    title = {{Chromatin signature reveals over a thousand highly conserved large non-coding RNAs in mammals}},
    year = {2009},
    journal = {Nature},
    author = {Guttman, Mitchell and Amit, Ido and Garber, Manuel and French, Courtney and Lin, Michael F. and Feldser, David and Huarte, Maite and Zuk, Or and Carey, Bryce W. and Cassady, John P. and Cabili, Moran N. and Jaenisch, Rudolf and Mikkelsen, Tarjei S. and Jacks, Tyler and Hacohen, Nir and Bernstein, Bradley E. and Kellis, Manolis and Regev, Aviv and Rinn, John L. and Lander, Eric S.},
    doi = {10.1038/nature07672},
    issn = {00280836},
    pmid = {19182780}
}

@article{Paul1975Chromatin-associatedEuchromatin,
    title = {{Chromatin-associated RNA content of heterochromatin and euchromatin}},
    year = {1975},
    journal = {Molecular and Cellular Biochemistry},
    author = {Paul, Izhak J. and Duerksen, Jacob D.},
    doi = {10.1007/BF01731728},
    issn = {03008177}
}

@article{Wutz2002ChromosomalRNA,
    title = {{Chromosomal silencing and localization are mediated by different domains of Xist RNA}},
    year = {2002},
    journal = {Nature Genetics},
    author = {Wutz, Anton and Rasmussen, Theodore P. and Jaenisch, Rudolf},
    doi = {10.1038/ng820},
    issn = {10614036}
}

@article{Wang2014Chromosome-wideDomestica,
    title = {{Chromosome-wide profiling of X-chromosome inactivation and epigenetic states in fetal brain and placenta of the opossum, Monodelphis domestica}},
    year = {2014},
    journal = {Genome Research},
    author = {Wang, Xu and Douglas, Kory C. and VandeBerg, John L. and Clark, Andrew G. and Samollow, Paul B.},
    doi = {10.1101/gr.161919.113},
    issn = {10889051}
}

@article{Yi2013Co-phylog:Organisms,
    title = {{Co-phylog: An assembly-free phylogenomic approach for closely related organisms}},
    year = {2013},
    journal = {Nucleic Acids Research},
    author = {Yi, Huiguang and Jin, Li},
    doi = {10.1093/nar/gkt003},
    issn = {03051048}
}

@article{Nitsche2015ComparisonConserved,
    title = {{Comparison of splice sites reveals that long noncoding RNAs are evolutionarily well conserved}},
    year = {2015},
    journal = {RNA},
    author = {Nitsche, Anne and Rose, Dominic and Fasold, Mario and Reiche, Kristin and Stadler, Peter F.},
    doi = {10.1261/rna.046342.114},
    issn = {14699001},
    keywords = {Conservation, Evolution, Evolutionary plasticity, IncRNA, Multiple sequence alignments, Splice sites, long noncoding RNAs}
}

@article{Schuettengruber2014CooperativityDrosophila,
    title = {{Cooperativity, specificity, and evolutionary stability of polycomb targeting in Drosophila}},
    year = {2014},
    journal = {Cell Reports},
    author = {Schuettengruber, Bernd and Oded Elkayam, Noa and Sexton, Tom and Entrevan, Marianne and Stern, Shani and Thomas, Aubin and Yaffe, Eitan and Parrinello, Hugues and Tanay, Amos and Cavalli, Giacomo},
    doi = {10.1016/j.celrep.2014.08.072},
    issn = {22111247}
}

@article{Lefever2017DecodeRNA-Guilt-by-association,
    title = {{decodeRNA- predicting non-coding RNA functions using guilt-by-association}},
    year = {2017},
    journal = {Database : the journal of biological databases and curation},
    author = {Lefever, Steve and Anckaert, Jasper and Volders, Pieter Jan and Luypaert, Manuel and Vandesompele, Jo and Mestdagh, Pieter},
    doi = {10.1093/database/bax042},
    issn = {17580463}
}

@article{Sarropoulos2019DevelopmentalSpecies,
    title = {{Developmental dynamics of lncRNAs across mammalian organs and species}},
    year = {2019},
    journal = {Nature},
    author = {Sarropoulos, Ioannis and Marin, Ray and Cardoso-Moreira, Margarida and Kaessmann, Henrik},
    doi = {10.1038/s41586-019-1341-x},
    issn = {14764687}
}

@misc{Rice2000EMBOSS:Suite,
    title = {{EMBOSS: The European Molecular Biology Open Software Suite}},
    year = {2000},
    booktitle = {Trends in Genetics},
    author = {Rice, Peter and Longden, Lan and Bleasby, Alan},
    doi = {10.1016/S0168-9525(00)02024-2},
    issn = {01689525},
    pmid = {10827456}
}

@misc{Ponting2009EvolutionRNAs,
    title = {{Evolution and Functions of Long Noncoding RNAs}},
    year = {2009},
    booktitle = {Cell},
    author = {Ponting, Chris P. and Oliver, Peter L. and Reik, Wolf},
    doi = {10.1016/j.cell.2009.02.006},
    issn = {00928674},
    pmid = {19239885}
}

@misc{Johnsson2014EvolutionaryFunction,
    title = {{Evolutionary conservation of long non-coding RNAs; Sequence, structure, function}},
    year = {2014},
    booktitle = {Biochimica et Biophysica Acta - General Subjects},
    author = {Johnsson, Per and Lipovich, Leonard and Grand{\'{e}}r, Dan and Morris, Kevin V.},
    doi = {10.1016/j.bbagen.2013.10.035},
    issn = {18728006},
    pmid = {24184936},
    keywords = {Antisense RNA, Epigenetic, Evolution, Long non-coding RNA, Polypurines, Secondary structure}
}

@article{Vaser2017FastReads,
    title = {{Fast and accurate de novo genome assembly from long uncorrected reads}},
    year = {2017},
    journal = {Genome Research},
    author = {Vaser, Robert and Sovi{\'{c}}, Ivan and Nagarajan, Niranjan and {\v{S}}iki{\'{c}}, Mile},
    doi = {10.1101/gr.214270.116},
    issn = {15495469},
    pmid = {28100585}
}

@article{Henderson1997FindingModel,
    title = {{Finding genes in DNA with a Hidden Markov Model}},
    year = {1997},
    journal = {Journal of Computational Biology},
    author = {Henderson, John},
    doi = {10.1089/cmb.1997.4.127},
    issn = {10665277}
}

@article{Brookes1951FoundationsProbability,
    title = {{Foundations of the Theory of Probability}},
    year = {1951},
    journal = {The Mathematical Gazette},
    author = {Brookes, B. C. and Kolmogorov, A. N.},
    doi = {10.2307/3611503},
    issn = {00255572}
}

@article{Hacisuleyman2016FunctionLocus,
    title = {{Function and evolution of local repeats in the Firre locus}},
    year = {2016},
    journal = {Nature Communications},
    author = {Hacisuleyman, Ezgi and Shukla, Chinmay J. and Weiner, Catherine L. and Rinn, John L.},
    doi = {10.1038/ncomms11021},
    issn = {20411723}
}

@article{Kirk2018FunctionalContent,
    title = {{Functional classification of long non-coding RNAs by k-mer content}},
    year = {2018},
    journal = {Nature Genetics},
    author = {Kirk, Jessime M. and Kim, Susan O. and Inoue, Kaoru and Smola, Matthew J. and Lee, David M. and Schertzer, Megan D. and Wooten, Joshua S. and Baker, Allison R. and Sprague, Daniel and Collins, David W. and Horning, Christopher R. and Wang, Shuo and Chen, Qidi and Weeks, Kevin M. and Mucha, Peter J. and Calabrese, J. Mauro},
    doi = {10.1038/s41588-018-0207-8},
    issn = {15461718}
}

@article{Rinn2012GenomeRNAs,
    title = {{Genome Regulation by Long Noncoding RNAs}},
    year = {2012},
    journal = {Annual Review of Biochemistry},
    author = {Rinn, John L. and Chang, Howard Y.},
    doi = {10.1146/annurev-biochem-051410-092902},
    issn = {0066-4154},
    pmid = {22663078}
}

@article{Zhao2010Genome-wideRIP-seq,
    title = {{Genome-wide Identification of Polycomb-Associated RNAs by RIP-seq}},
    year = {2010},
    journal = {Molecular Cell},
    author = {Zhao, Jing and Ohsumi, Toshiro K. and Kung, Johnny T. and Ogawa, Yuya and Grau, Daniel J. and Sarma, Kavitha and Song, Ji Joon and Kingston, Robert E. and Borowsky, Mark and Lee, Jeannie T.},
    doi = {10.1016/j.molcel.2010.12.011},
    issn = {10972765}
}

@article{Pintacuda2017HnRNPKSilencing,
    title = {{hnRNPK Recruits PCGF3/5-PRC1 to the Xist RNA B-Repeat to Establish Polycomb-Mediated Chromosomal Silencing}},
    year = {2017},
    journal = {Molecular Cell},
    author = {Pintacuda, Greta and Wei, Guifeng and Roustan, Chloë and Kirmizitas, Burcu Anil and Solcan, Nicolae and Cerase, Andrea and Castello, Alfredo and Mohammed, Shabaz and Moindrot, Benoît and Nesterova, Tatyana B. and Brockdorff, Neil},
    doi = {10.1016/j.molcel.2017.11.013},
    issn = {10974164}
}

@article{Somarowthu2015HOTAIRStructure,
    title = {{HOTAIR Forms an Intricate and Modular Secondary Structure}},
    year = {2015},
    journal = {Molecular Cell},
    author = {Somarowthu, Srinivas and Legiewicz, Michal and Chill{\'{o}}n, Isabel and Marcia, Marco and Liu, Fei and Pyle, Anna Marie},
    doi = {10.1016/j.molcel.2015.03.006},
    issn = {10974164}
}

@article{Smith1981IdentificationSubsequences,
    title = {{Identification of common molecular subsequences}},
    year = {1981},
    journal = {Journal of Molecular Biology},
    author = {Smith, T. F. and Waterman, M. S.},
    doi = {10.1016/0022-2836(81)90087-5},
    issn = {00222836},
    pmid = {7265238}
}

@article{Thiel2019IdentifyingAnalysis,
    title = {{Identifying lncRNA-mediated regulatory modules via ChIA-PET network analysis}},
    year = {2019},
    journal = {BMC Bioinformatics},
    author = {Thiel, Denise and Conrad, Nataša Djurdjevac and Ntini, Evgenia and Peschutter, Ria X. and Siebert, Heike and Marsico, Annalisa},
    doi = {10.1186/s12859-019-2900-8},
    issn = {14712105},
    keywords = {ChIA-PET, Gene regulation, Modules, Network analysis, lncRNA}
}

@article{Perron2017InExpression,
    title = {{In silico prediction of lncRNA function using tissue specific and evolutionary conserved expression}},
    year = {2017},
    journal = {BMC Bioinformatics},
    author = {Perron, Umberto and Provero, Paolo and Molineris, Ivan},
    doi = {10.1186/s12859-017-1535-x},
    issn = {14712105},
    keywords = {Coexpression, Disease gene prediction, Functional prediction, LncRNA}
}

@article{Cabili2011IntegrativeSubclasses,
    title = {{Integrative annotation of human large intergenic noncoding RNAs reveals global properties and specific subclasses}},
    year = {2011},
    journal = {Genes and Development},
    author = {Cabili, Moran and Trapnell, Cole and Goff, Loyal and Koziol, Magdalena and Tazon-Vega, Barbara and Regev, Aviv and Rinn, John L.},
    doi = {10.1101/gad.17446611},
    issn = {08909369},
    keywords = {Lincrnas, Long noncoding rnas, Rna sequencing}
}

@article{Pandey2008Kcnq1ot1Regulation,
    title = {{Kcnq1ot1 Antisense Noncoding RNA Mediates Lineage-Specific Transcriptional Silencing through Chromatin-Level Regulation}},
    year = {2008},
    journal = {Molecular Cell},
    author = {Pandey, Radha Raman and Mondal, Tanmoy and Mohammad, Faizaan and Enroth, Stefan and Redrup, Lisa and Komorowski, Jan and Nagano, Takashi and Mancini-DiNardo, Debora and Kanduri, Chandrasekhar},
    doi = {10.1016/j.molcel.2008.08.022},
    issn = {10972765},
    keywords = {DEVBIO, DNA, RNA}
}

@article{Guttman2011LincRNAsDifferentiation,
    title = {{LincRNAs act in the circuitry controlling pluripotency and differentiation}},
    year = {2011},
    journal = {Nature},
    author = {Guttman, Mitchell and Donaghey, Julie and Carey, Bryce W. and Garber, Manuel and Grenier, Jennifer K. and Munson, Glen and Young, Geneva and Lucas, Anne Bergstrom and Ach, Robert and Bruhn, Laurakay and Yang, Xiaoping and Amit, Ido and Meissner, Alexander and Regev, Aviv and Rinn, John L. and Root, David E. and Lander, Eric S.},
    doi = {10.1038/nature10398},
    issn = {00280836},
    pmid = {21874018}
}

@article{Schertzer2019LncRNA-InducedDNA,
    title = {{lncRNA-Induced Spread of Polycomb Controlled by Genome Architecture, RNA Abundance, and CpG Island DNA}},
    year = {2019},
    journal = {Molecular Cell},
    author = {Schertzer, Megan D. and Braceros, Keean C.A. and Starmer, Joshua and Cherney, Rachel E. and Lee, David M. and Salazar, Gabriela and Justice, M. and Bischoff, Steven R. and Cowley, Dale O. and Ariel, P. and Zylka, Mark J. and Dowen, Jill M. and Magnuson, T. and Calabrese, J. Mauro},
    doi = {10.1016/j.molcel.2019.05.028},
    issn = {10974164},
    keywords = {Airn, CpG island, Kcnq1ot1, PRC, X-chromosome inactivation, Xist, imprinting, lncRNA, long noncoding RNA, polycomb repressive complex}
}

@article{Brockdorff2018LocalNcRNA,
    title = {{Local tandem repeat expansion in Xist RNA as a model for the functionalisation of ncRNA}},
    year = {2018},
    journal = {Non-coding RNA},
    author = {Brockdorff, Neil},
    doi = {10.3390/ncrna4040028},
    issn = {2311553X},
    keywords = {LncRNA, Tandem repeat, X inactivation, Xist}
}

@article{Kung2015Locus-specificCTCF,
    title = {{Locus-specific targeting to the X chromosome revealed by the RNA interactome of CTCF}},
    year = {2015},
    journal = {Molecular Cell},
    author = {Kung, Johnny T. and Kesner, Barry and An, Jee Young and Ahn, Janice Y. and Cifuentes-Rojas, Catherine and Colognori, David and Jeon, Yesu and Szanto, Attila and delRosario, Brian C. and Pinter, Stefan F. and Erwin, Jennifer A. and Lee, Jeannie T.},
    doi = {10.1016/j.molcel.2014.12.006},
    issn = {10974164}
}

@article{Gupta2010LongMetastasis,
    title = {{Long non-coding RNA HOTAIR reprograms chromatin state to promote cancer metastasis}},
    year = {2010},
    journal = {Nature},
    author = {Gupta, Rajnish A. and Shah, Nilay and Wang, Kevin C. and Kim, Jeewon and Horlings, Hugo M. and Wong, David J. and Tsai, Miao Chih and Hung, Tiffany and Argani, Pedram and Rinn, John L. and Wang, Yulei and Brzoska, Pius and Kong, Benjamin and Li, Rui and West, Robert B. and Van De Vijver, Marc J. and Sukumar, Saraswati and Chang, Howard Y.},
    doi = {10.1038/nature08975},
    issn = {00280836},
    pmid = {20393566}
}

@article{Tsai2010LongComplexes,
    title = {{Long noncoding RNA as modular scaffold of histone modification complexes}},
    year = {2010},
    journal = {Science},
    author = {Tsai, Miao Chih and Manor, Ohad and Wan, Yue and Mosammaparast, Nima and Wang, Jordon K. and Lan, Fei and Shi, Yang and Segal, Eran and Chang, Howard Y.},
    doi = {10.1126/science.1192002},
    issn = {00368075}
}

@article{Dinger2008LongDifferentiation,
    title = {{Long noncoding RNAs in mouse embryonic stem cell pluripotency and differentiation}},
    year = {2008},
    journal = {Genome Research},
    author = {Dinger, Marcel E. and Amara, Paulo P. and Mercer, Tim R. and Pang, Ken C. and Bruce, Stephen J. and Gardiner, Brooke B. and Askarian-Amiri, Marjan E. and Ru, Kelin and Sold{\`{a}}, Giulia and Simons, Cas and Sunkin, Susan M. and Crowe, Mark L. and Grimmond, Sean M. and Perkins, Andrew C. and Mattick, John S.},
    doi = {10.1101/gr.078378.108},
    issn = {10889051},
    pmid = {18562676}
}

@incollection{Niederer2017LongCerevisiae,
    title = {{Long noncoding RNAs in the yeast S. Cerevisiae}},
    year = {2017},
    booktitle = {Advances in Experimental Medicine and Biology},
    author = {Niederer, Rachel O. and Hass, Evan P. and Zappulla, David C.},
    doi = {10.1007/978-981-10-5203-3{\_}4},
    issn = {22148019},
    keywords = {CDC28, GAL10, IRT1, Long noncoding RNA, PHO84, RME2, SRG1, Saccharomyces cerevisiae, TERRA, TLC1, Telomerase RNA, Yeast, lncRNA, pHO}
}

@article{Patil2016M6Repression,
    title = {{M6 A RNA methylation promotes XIST-mediated transcriptional repression}},
    year = {2016},
    journal = {Nature},
    author = {Patil, Deepak P. and Chen, Chun Kan and Pickering, Brian F. and Chow, Amy and Jackson, Constanza and Guttman, Mitchell and Jaffrey, Samie R.},
    doi = {10.1038/nature19342},
    issn = {14764687},
    pmid = {27602518}
}

@article{Yang2013MALAT-1Regulation,
    title = {{MALAT-1 interacts with hnRNP C in cell cycle regulation}},
    year = {2013},
    journal = {FEBS Letters},
    author = {Yang, Feng and Yi, Fan and Han, Xiaorui and Du, Quan and Liang, Zicai},
    doi = {10.1016/j.febslet.2013.07.048},
    issn = {00145793},
    keywords = {Cell cycle, Long non-coding RNA, MALAT-1, hnRNP C}
}

@article{Bailey2009MEMESearching,
    title = {{MEME Suite: Tools for motif discovery and searching}},
    year = {2009},
    journal = {Nucleic Acids Research},
    author = {Bailey, Timothy L. and Boden, Mikael and Buske, Fabian A. and Frith, Martin and Grant, Charles E. and Clementi, Luca and Ren, Jingyuan and Li, Wilfred W. and Noble, William S.},
    doi = {10.1093/nar/gkp335},
    issn = {03051048}
}

@article{Sauvageau2013MultipleDevelopment,
    title = {{Multiple knockout mouse models reveal lincRNAs are required for life and brain development}},
    year = {2013},
    journal = {eLife},
    author = {Sauvageau, Martin and Goff, Loyal A. and Lodato, Simona and Bonev, Boyan and Groff, Abigail F. and Gerhardinger, Chiara and Sanchez-Gomez, Diana B. and Hacisuleyman, Ezgi and Li, Eric and Spence, Matthew and Liapis, Stephen C. and Mallard, William and Morse, Michael and Swerdel, Mavis R. and D'Ecclessis, Michael F. and Moore, Jennifer C. and Lai, Venus and Gong, Guochun and Yancopoulos, George D. and Frendewey, David and Kellis, Manolis and Hart, Ronald P. and Valenzuela, David M. and Arlotta, Paola and Rinn, John L.},
    doi = {10.7554/eLife.01749},
    issn = {2050084X}
}

@article{Wheeler2013Nhmmer:HMMs,
    title = {{Nhmmer: DNA homology search with profile HMMs}},
    year = {2013},
    journal = {Bioinformatics},
    author = {Wheeler, Travis J. and Eddy, Sean R.},
    doi = {10.1093/bioinformatics/btt403},
    issn = {14602059}
}

@article{Sprague2019NonlinearDomains,
    title = {{Nonlinear sequence similarity between the Xist and Rsx long noncoding RNAs suggests shared functions of tandem repeat domains}},
    year = {2019},
    journal = {RNA},
    author = {Sprague, Daniel and Waters, Shafagh A. and Kirk, Jessime M. and Wang, Jeremy R. and Samollow, Paul B. and Waters, Paul D. and Calabrese, J. Mauro},
    doi = {10.1261/rna.069815.118},
    issn = {14699001},
    keywords = {Epigenetics, LncRNAs, Polycomb, Rsx, Xist}
}

@misc{DaRocha2017NovelConformation,
    title = {{Novel players in X inactivation: Insights into Xist-mediated gene silencing and chromosome conformation}},
    year = {2017},
    booktitle = {Nature Structural and Molecular Biology},
    author = {Da Rocha, Simão T. and Heard, Edith},
    doi = {10.1038/nsmb.3370},
    issn = {15459985}
}

@inproceedings{Ng2002OnBayes,
    title = {{On discriminative vs. Generative classifiers: A comparison of logistic regression and naive bayes}},
    year = {2002},
    booktitle = {Advances in Neural Information Processing Systems},
    author = {Ng, Andrew Y. and Jordan, Michael I.},
    isbn = {0262042088},
    issn = {10495258}
}

@article{Almeida2017PCGF3/5-PRC1Inactivation,
    title = {{PCGF3/5-PRC1 initiates Polycomb recruitment in X chromosome inactivation}},
    year = {2017},
    journal = {Science},
    author = {Almeida, Mafalda and Pintacuda, Greta and Masui, Osamu and Koseki, Yoko and Gdula, Michal and Cerase, Andrea and Brown, David and Mould, Arne and Innocent, Cassandravictoria and Nakayama, Manabu and Schermelleh, Lothar and Nesterova, Tatyana B. and Koseki, Haruhiko and Brockdorff, Neil},
    doi = {10.1126/science.aal2512},
    issn = {10959203}
}

@article{Yang2008PerformanceReconstruction,
    title = {{Performance comparison between k -tuple distance and four model-based distances in phylogenetic tree reconstruction}},
    year = {2008},
    journal = {Nucleic Acids Research},
    author = {Yang, Kuan and Zhang, Liqing},
    doi = {10.1093/nar/gkn075},
    issn = {03051048},
    pmid = {18296485}
}

@article{Zhao2008PolycombChromosome,
    title = {{Polycomb proteins targeted by a short repeat RNA to the mouse X chromosome}},
    year = {2008},
    journal = {Science},
    author = {Zhao, Jing and Sun, Bryan K. and Erwin, Jennifer A. and Song, Ji Joon and Lee, Jeannie T.},
    doi = {10.1126/science.1163045},
    issn = {00368075}
}

@article{Li2018Polycomb-mediatedPlants,
    title = {{Polycomb-mediated gene silencing by the BAH–EMF1 complex in plants}},
    year = {2018},
    journal = {Nature Genetics},
    author = {Li, Zicong and Fu, Xing and Wang, Yizhong and Liu, Renyi and He, Yuehui},
    doi = {10.1038/s41588-018-0190-0},
    issn = {15461718}
}

@article{Burge1997PredictionDNA,
    title = {{Prediction of complete gene structures in human genomic DNA}},
    year = {1997},
    journal = {Journal of Molecular Biology},
    author = {Burge, Chris and Karlin, Samuel},
    doi = {10.1006/jmbi.1997.0951},
    issn = {00222836},
    pmid = {9149143},
    keywords = {Coding sequence, Exon prediction, Gene identification, Probabilistic model, Splice signal}
}

@misc{Whisstock2003PredictionStructure,
    title = {{Prediction of protein function from protein sequence and structure}},
    year = {2003},
    booktitle = {Quarterly Reviews of Biophysics},
    author = {Whisstock, James C. and Lesk, Arthur M.},
    doi = {10.1017/S0033583503003901},
    issn = {00335835},
    pmid = {15029827}
}

@article{Hezroni2015PrinciplesSpecies,
    title = {{Principles of Long Noncoding RNA Evolution Derived from Direct Comparison of Transcriptomes in 17 Species}},
    year = {2015},
    journal = {Cell Reports},
    author = {Hezroni, Hadas and Koppstein, David and Schwartz, Matthew G. and Avrutin, Alexandra and Bartel, David P. and Ulitsky, Igor},
    doi = {10.1016/j.celrep.2015.04.023},
    issn = {22111247},
    pmid = {25959816}
}

@misc{Loewenstein2009ProteinInference.,
    title = {{Protein function annotation by homology-based inference.}},
    year = {2009},
    booktitle = {Genome biology},
    author = {Loewenstein, Yaniv and Raimondo, Domenico and Redfern, Oliver C. and Watson, James and Frishman, Dmitrij and Linial, Michal and Orengo, Christine and Thornton, Janet and Tramontano, Anna},
    doi = {10.1186/gb-2009-10-2-207},
    issn = {14656914},
    pmid = {19226439}
}

@misc{Cirillo2016QuantitativeEditor,
    title = {{Quantitative predictions of protein interactions with long noncoding RNAs: To the Editor}},
    year = {2016},
    booktitle = {Nature Methods},
    author = {Cirillo, Davide and Blanco, Mario and Armaos, Alexandros and Buness, Andreas and Avner, Philip and Guttman, Mitchell and Cerase, Andrea and Tartaglia, Gian Gaetano},
    doi = {10.1038/nmeth.4100},
    issn = {15487105}
}

@misc{Pang2006RapidFunction,
    title = {{Rapid evolution of noncoding RNAs: Lack of conservation does not mean lack of function}},
    year = {2006},
    booktitle = {Trends in Genetics},
    author = {Pang, Ken C. and Frith, Martin C. and Mattick, John S.},
    doi = {10.1016/j.tig.2005.10.003},
    issn = {01689525},
    pmid = {16290135}
}

@article{Cifuentes-Rojas2014Regulatory2,
    title = {{Regulatory Interactions between RNA and Polycomb Repressive Complex 2}},
    year = {2014},
    journal = {Molecular Cell},
    author = {Cifuentes-Rojas, Catherine and Hernandez, Alfredo J. and Sarma, Kavitha and Lee, Jeannie T.},
    doi = {10.1016/j.molcel.2014.05.009},
    issn = {10974164}
}

@article{Sunwoo2017RepeatCIZ1,
    title = {{Repeat E anchors Xist RNA to the inactive X chromosomal compartment through CDKN1A-interacting protein (CIZ1)}},
    year = {2017},
    journal = {Proceedings of the National Academy of Sciences of the United States of America},
    author = {Sunwoo, Hongjae and Colognori, David and Froberg, John E. and Jeon, Yesu and Lee, Jeannie T.},
    doi = {10.1073/pnas.1711206114},
    issn = {10916490},
    keywords = {CIZ1, Noncoding RNA, Repeat E, X inactivation, Xist}
}

@article{Lu2016RNAStructure,
    title = {{RNA Duplex Map in Living Cells Reveals Higher-Order Transcriptome Structure}},
    year = {2016},
    journal = {Cell},
    author = {Lu, Zhipeng and Zhang, Qiangfeng Cliff and Lee, Byron and Flynn, Ryan A. and Smith, Martin A. and Robinson, James T. and Davidovich, Chen and Gooding, Anne R. and Goodrich, Karen J. and Mattick, John S. and Mesirov, Jill P. and Cech, Thomas R. and Chang, Howard Y.},
    doi = {10.1016/j.cell.2016.04.028},
    issn = {10974172},
    pmid = {27180905}
}

@article{VanNostrand2016RobusteCLIP,
    title = {{Robust transcriptome-wide discovery of RNA-binding protein binding sites with enhanced CLIP (eCLIP)}},
    year = {2016},
    journal = {Nature Methods},
    author = {Van Nostrand, Eric L. and Pratt, Gabriel A. and Shishkin, Alexander A. and Gelboin-Burkhart, Chelsea and Fang, Mark Y. and Sundararaman, Balaji and Blue, Steven M. and Nguyen, Thai B. and Surka, Christine and Elkins, Keri and Stanton, Rebecca and Rigo, Frank and Guttman, Mitchell and Yeo, Gene W.},
    doi = {10.1038/nmeth.3810},
    issn = {15487105}
}

@article{Grant2012RsxInactivation,
    title = {{Rsx is a metatherian RNA with Xist-like properties in X-chromosome inactivation}},
    year = {2012},
    journal = {Nature},
    author = {Grant, Jennifer and Mahadevaiah, Shantha K. and Khil, Pavel and Sangrithi, Mahesh N. and Royo, Hélène and Duckworth, Janine and McCarrey, John R. and Vandeberg, John L. and Renfree, Marilyn B. and Taylor, Willie and Elgar, Greg and Camerini-Otero, R. Daniel and Gilchrist, Mike J. and Turner, James M.A.},
    doi = {10.1038/nature11171},
    issn = {00280836}
}

@misc{Jones2015SciPy:http://www.scipy.org/,
    title = {{SciPy: Open Source Scientific Tools for Python, 2001 (http://www.scipy.org/)}},
    year = {2015},
    booktitle = {Http://Www.Scipy.Org/},
    author = {Jones, Eric and Oliphant, Travis and Peterson, Pearu and {Others}}
}

@article{Dominguez2018SequenceProteins,
    title = {{Sequence, Structure, and Context Preferences of Human RNA Binding Proteins}},
    year = {2018},
    journal = {Molecular Cell},
    author = {Dominguez, Daniel and Freese, Peter and Alexis, Maria S. and Su, Amanda and Hochman, Myles and Palden, Tsultrim and Bazile, Cassandra and Lambert, Nicole J. and Van Nostrand, Eric L. and Pratt, Gabriel A. and Yeo, Gene W. and Graveley, Brenton R. and Burge, Christopher B.},
    doi = {10.1016/j.molcel.2018.05.001},
    issn = {10974164},
    pmid = {29883606},
    keywords = {KH domain, Pum domain, RBNS, RNA binding protein, RNA context, RNA recognition motif, RNA secondary structure, alternative splicing, mRNA stability, zinc finger}
}

@article{Lubelsky2018SequencesCells,
    title = {{Sequences enriched in Alu repeats drive nuclear localization of long RNAs in human cells}},
    year = {2018},
    journal = {Nature},
    author = {Lubelsky, Yoav and Ulitsky, Igor},
    doi = {10.1038/nature25757},
    issn = {14764687}
}

@article{Smola2016SHAPECells,
    title = {{SHAPE reveals transcript-wide interactions, complex structural domains, and protein interactions across the Xist lncRNA in living cells}},
    year = {2016},
    journal = {Proceedings of the National Academy of Sciences of the United States of America},
    author = {Smola, Matthew J. and Christy, Thomas W. and Inoue, Kaoru and Nicholson, Cindo O. and Friedersdorf, Matthew and Keene, Jack D. and Lee, David M. and Calabrese, J. Mauro and Weeks, Kevin M.},
    doi = {10.1073/pnas.1600008113},
    issn = {10916490},
    keywords = {RNA structure, RNA-protein interaction, SHAPE-MaP, X-inactivation}
}

@article{Dutta5SmallMechanisms.,
    title = {{Small RNA-mediated regulation in bacteria: A growing palette of diverse mechanisms.}},
    year = {5},
    journal = {Gene},
    author = {Dutta, Tanmay},
    month = {2018},
    pages = {60--72},
    volume = {656},
    publisher = {Elsevier},
    doi = {10.1016/j.gene.2018.02.068},
    issn = {0378-1119}
}

@misc{Wahl2015Snapshot:I,
    title = {{Snapshot: Spliceosome dynamics I}},
    year = {2015},
    booktitle = {Cell},
    author = {Wahl, Markus C. and L{\"{u}}hrmann, Reinhard},
    doi = {10.1016/j.cell.2015.05.050},
    issn = {10974172}
}

@article{Mercer2008SpecificBrain,
    title = {{Specific expression of long noncoding RNAs in the mouse brain}},
    year = {2008},
    journal = {Proceedings of the National Academy of Sciences of the United States of America},
    author = {Mercer, Tim R. and Dinger, Marcel E. and Sunkin, Susan M. and Mehler, Mark F. and Mattick, John S.},
    doi = {10.1073/pnas.0706729105},
    issn = {00278424},
    keywords = {Genomics, Imprinting, Neuroscience, Subcellular, Transcriptomics}
}

@article{Dobin2013STAR:Aligner,
    title = {{STAR: Ultrafast universal RNA-seq aligner}},
    year = {2013},
    journal = {Bioinformatics},
    author = {Dobin, Alexander and Davis, Carrie A. and Schlesinger, Felix and Drenkow, Jorg and Zaleski, Chris and Jha, Sonali and Batut, Philippe and Chaisson, Mark and Gingeras, Thomas R.},
    doi = {10.1093/bioinformatics/bts635},
    issn = {13674803},
    pmid = {23104886}
}

@article{Chu2015SystematicProteins,
    title = {{Systematic discovery of Xist RNA binding proteins}},
    year = {2015},
    journal = {Cell},
    author = {Chu, Ci and Zhang, Qiangfeng Cliff and Da Rocha, Simão Teixeira and Flynn, Ryan A. and Bharadwaj, Maheetha and Calabrese, J. Mauro and Magnuson, Terry and Heard, Edith and Chang, Howard Y.},
    doi = {10.1016/j.cell.2015.03.025},
    issn = {10974172}
}

@article{Wang2017TargetingGuanines,
    title = {{Targeting of Polycomb Repressive Complex 2 to RNA by Short Repeats of Consecutive Guanines}},
    year = {2017},
    journal = {Molecular Cell},
    author = {Wang, Xueyin and Goodrich, Karen J. and Gooding, Anne R. and Naeem, Haroon and Archer, Stuart and Paucek, Richard D. and Youmans, Daniel T. and Cech, Thomas R. and Davidovich, Chen},
    doi = {10.1016/j.molcel.2017.02.003},
    issn = {10974164},
    keywords = {G-quadruplex, PRC2, Polycomb repressive complex 2, RNA binding specificity, motif, promiscuous RNA binding}
}

@article{Blackledge2015TargetingStory,
    title = {{Targeting Polycomb systems to regulate gene expression: Modifications to a complex story}},
    year = {2015},
    journal = {Nature Reviews Molecular Cell Biology},
    author = {Blackledge, Neil P. and Rose, Nathan R. and Klose, Robert J.},
    doi = {10.1038/nrm4067},
    issn = {14710080}
}

@article{Royce-Tolland2010TheInactivation,
    title = {{The A-repeat links ASF/SF2-dependent Xist RNA processing with random choice during X inactivation}},
    year = {2010},
    journal = {Nature Structural and Molecular Biology},
    author = {Royce-Tolland, Morgan E. and Andersen, Angela A. and Koyfman, Hannah R. and Talbot, Dale J. and Wutz, Anton and Tonks, Ian D. and Kay, Graham F. and Panning, Barbara},
    doi = {10.1038/nsmb.1877},
    issn = {15459993}
}

@inproceedings{Ulitsky2006TheReconstruction,
    title = {{The average common substring approach to phylogenomic reconstruction}},
    year = {2006},
    booktitle = {Journal of Computational Biology},
    author = {Ulitsky, Igor and Burstein, David and Tuller, Tamir and Chor, Benny},
    doi = {10.1089/cmb.2006.13.336},
    issn = {10665277},
    keywords = {Compressibility, Distance matrix, Phylogenomics, Whole genome and proteome phylogeny}
}

@misc{Amaral2008TheMachine,
    title = {{The eukaryotic genome as an RNA machine}},
    year = {2008},
    booktitle = {Science},
    author = {Amaral, Paulo P. and Dinger, Marcel E. and Mercer, Tim R. and Mattick, John S.},
    doi = {10.1126/science.1155472},
    issn = {00368075}
}

@misc{Balaton2018TheChromosome,
    title = {{The eXceptional nature of the X chromosome}},
    year = {2018},
    booktitle = {Human molecular genetics},
    author = {Balaton, Bradley P. and Dixon-McDougall, Thomas and Peeters, Samantha B. and Brown, Carolyn J.},
    doi = {10.1093/hmg/ddy148},
    issn = {14602083}
}

@article{Wallaert2014TheLncRNAs,
    title = {{The first lncRNA landscape of major genetic T-all subsets and guilt-by-association analysis for ETP-all specific lncRNAs}},
    year = {2014},
    journal = {Haematologica},
    author = {Wallaert, A and Durinck, K and Vanloocke, W and Volders, P J and Vandewalle, I and Benoit, Y and Poppe, B and Mestdagh, P and Vandesompele, J and Taghon, T and Soulier, J and Cools, J and Rondou, P and Van Vlierberghe, P and Speleman, F},
    issn = {0390-6078},
    keywords = {CD4 antigen, CD8 antigen, RNA, RNA sequence, T lymphocyte, acute lymphoblastic leukemia, cell line, cell transformation, classification, donor, ethionamide, gene, genetics, guilt, hematology, hematopoiesis, human, immunophenotyping, landscape, leukemia, molecular therapy, neoplasm, oncogene, patient, pre T lymphocyte, protein, thymocyte, transcription factor}
}

@article{Derrien2012TheExpression,
    title = {{The GENCODE v7 catalog of human long noncoding RNAs: Analysis of their gene structure, evolution, and expression}},
    year = {2012},
    journal = {Genome Research},
    author = {Derrien, Thomas and Johnson, Rory and Bussotti, Giovanni and Tanzer, Andrea and Djebali, Sarah and Tilgner, Hagen and Guernec, Gregory and Martin, David and Merkel, Angelika and Knowles, David G. and Lagarde, Julien and Veeravalli, Lavanya and Ruan, Xiaoan and Ruan, Yijun and Lassmann, Timo and Carninci, Piero and Brown, James B. and Lipovich, Leonard and Gonzalez, Jose M. and Thomas, Mark and Davis, Carrie A. and Shiekhattar, Ramin and Gingeras, Thomas R. and Hubbard, Tim J. and Notredame, Cedric and Harrow, Jennifer and Guig{\'{o}}, Roderic},
    doi = {10.1101/gr.132159.111},
    issn = {10889051},
    pmid = {22955988}
}

@article{Brown10TheNucleus.,
    title = {{The human XIST gene: analysis of a 17 kb inactive X-specific RNA that contains conserved repeats and is highly localized within the nucleus.}},
    year = {10},
    journal = {Cell (Cambridge)},
    author = {Brown, C J},
    number = {3},
    month = {1992},
    pages = {527--542},
    volume = {71},
    publisher = {Cell Press},
    doi = {10.1016/0092-8674(92)90520-m},
    issn = {0092-8674}
}

@article{Redrup2009TheSilencing,
    title = {{The long noncoding RNA Kcnq 1ot1 organises a lineage-specific nuclear domain for epigenetic gene silencing}},
    year = {2009},
    journal = {Development},
    author = {Redrup, Lisa and Branco, Miguel R. and Perdeaux, Elizabeth R. and Krueger, Christel and Lewis, Annabelle and Santos, Fátima and Nagano, Takashi and Cobb, Bradley S. and Fraser, Peter and Reik, Wolf},
    doi = {10.1242/dev.031328},
    issn = {09501991},
    keywords = {Epigenetic gene silencing, Imprinting, Kcnq1ot1, Long noncoding RNA, X inactivation}
}

@article{Sleutels2002TheGenes,
    title = {{The non-coding Air RNA is required for silencing autosomal imprinted genes}},
    year = {2002},
    journal = {Nature},
    author = {Sleutels, Frank and Zwart, Ronald and Barlow, Denise P.},
    doi = {10.1038/415810a},
    issn = {00280836}
}

@article{Ridings-Figueroa2017TheTerritory,
    title = {{The nuclear matrix protein CIZ1 facilitates localization of Xist RNA to the inactive X-chromosome territory}},
    year = {2017},
    journal = {Genes and Development},
    author = {Ridings-Figueroa, Rebeca and Stewart, Emma R. and Nesterova, Tatyana B. and Coker, Heather and Pintacuda, Greta and Godwin, Jonathan and Wilson, Rose and Haslam, Aidan and Lilley, Fred and Ruigrok, Renate and Bageghni, Sumia A. and Albadrani, Ghadeer and Mansfield, William and Roulson, Jo An and Brockdorff, Neil and Ainscough, Justin F.X. and Coverley, Dawn},
    doi = {10.1101/gad.295907.117},
    issn = {15495477},
    pmid = {28546514},
    keywords = {CIZ1, Lymphoproliferative disorder, Nuclear matrix, X-chromosome inactivation, Xist}
}

@article{Brockdorff10TheNucleus.,
    title = {{The product of the mouse Xist gene is a 15 kb inactive X-specific transcript containing no conserved ORF and located in the nucleus.}},
    year = {10},
    journal = {Cell (Cambridge)},
    author = {Brockdorff, N},
    number = {3},
    month = {1992},
    pages = {515--526},
    volume = {71},
    publisher = {Cell Press},
    doi = {10.1016/0092-8674(92)90519-i},
    issn = {0092-8674}
}

@article{Johnson2014TheRNAs,
    title = {{The RIDL hypothesis: Transposable elements as functional domains of long noncoding RNAs}},
    year = {2014},
    journal = {RNA},
    author = {Johnson, Rory and Guig{\'{o}}, Roderic},
    doi = {10.1261/rna.044560.114},
    issn = {14699001},
    keywords = {Evolution, Functional domain, Genome, LncRNA, Long noncoding rna, Repeat element, Transposable element, Transposon}
}

@misc{Sahakyan2018TheCompensation,
    title = {{The Role of Xist in X-Chromosome Dosage Compensation}},
    year = {2018},
    booktitle = {Trends in Cell Biology},
    author = {Sahakyan, Anna and Yang, Yihao and Plath, Kathrin},
    doi = {10.1016/j.tcb.2018.05.005},
    issn = {18793088},
    keywords = {X inactivation, Xist, dosage compensation, embryonic stem cells, lncRNAs}
}

@article{Rosenbloom2015TheUpdate,
    title = {{The UCSC Genome Browser database: 2015 update}},
    year = {2015},
    journal = {Nucleic Acids Research},
    author = {Rosenbloom, Kate R. and Armstrong, Joel and Barber, Galt P. and Casper, Jonathan and Clawson, Hiram and Diekhans, Mark and Dreszer, Timothy R. and Fujita, Pauline A. and Guruvadoo, Luvina and Haeussler, Maximilian and Harte, Rachel A. and Heitner, Steve and Hickey, Glenn and Hinrichs, Angie S. and Hubley, Robert and Karolchik, Donna and Learned, Katrina and Lee, Brian T. and Li, Chin H. and Miga, Karen H. and Nguyen, Ngan and Paten, Benedict and Raney, Brian J. and Smit, Arian F.A. and Speir, Matthew L. and Zweig, Ann S. and Haussler, David and Kuhn, Robert M. and Kent, W. James},
    doi = {10.1093/nar/gku1177},
    issn = {13624962},
    pmid = {25428374}
}

@article{Engreitz2013TheChromosome,
    title = {{The Xist lncRNA exploits three-dimensional genome architecture to spread across the X chromosome}},
    year = {2013},
    journal = {Science},
    author = {Engreitz, Jesse M. and Pandya-Jones, Amy and McDonel, Patrick and Shishkin, Alexander and Sirokman, Klara and Surka, Christine and Kadri, Sabah and Xing, Jeffrey and Goren, Alon and Lander, Eric S. and Plath, Kathrin and Guttman, Mitchell},
    doi = {10.1126/science.1237973},
    issn = {10959203},
    pmid = {23828888}
}

@article{McHugh2015TheHDAC3,
    title = {{The Xist lncRNA interacts directly with SHARP to silence transcription through HDAC3}},
    year = {2015},
    journal = {Nature},
    author = {McHugh, Colleen A. and Chen, Chun Kan and Chow, Amy and Surka, Christine F. and Tran, Christina and McDonel, Patrick and Pandya-Jones, Amy and Blanco, Mario and Burghard, Christina and Moradian, Annie and Sweredoski, Michael J. and Shishkin, Alexander A. and Su, Julia and Lander, Eric S. and Hess, Sonja and Plath, Kathrin and Guttman, Mitchell},
    doi = {10.1038/nature14443},
    issn = {14764687},
    pmid = {25915022}
}

@article{Duret2006TheGene,
    title = {{The Xist RNA gene evolved in eutherians by pseudogenization of a protein-coding gene}},
    year = {2006},
    journal = {Science},
    author = {Duret, Laurent and Chureau, Corinne and Samain, Sylvie and Weissanbach, Jean and Avner, Philip},
    doi = {10.1126/science.1126316},
    issn = {00368075}
}

@article{Kumar2017TimeTree:Times,
    title = {{TimeTree: A Resource for Timelines, Timetrees, and Divergence Times}},
    year = {2017},
    journal = {Molecular biology and evolution},
    author = {Kumar, Sudhir and Stecher, Glen and Suleski, Michael and Hedges, S. Blair},
    doi = {10.1093/molbev/msx116},
    issn = {15371719},
    pmid = {28387841},
    keywords = {database, divergence time, software, timetree}
}

@article{Davidovich2015TowardRNA,
    title = {{Toward a consensus on the binding specificity and promiscuity of PRC2 for RNA}},
    year = {2015},
    journal = {Molecular Cell},
    author = {Davidovich, Chen and Wang, Xueyin and Cifuentes-Rojas, Catherine and Goodrich, Karen J. and Gooding, Anne R. and Lee, Jeannie T. and Cech, Thomas R.},
    doi = {10.1016/j.molcel.2014.12.017},
    issn = {10974164}
}

@article{Kelley2014TransposableInteractions,
    title = {{Transposable elements modulate human RNA abundance and splicing via specific RNA-protein interactions}},
    year = {2014},
    journal = {Genome Biology},
    author = {Kelley, David R. and Hendrickson, David G. and Tenen, Danielle and Rinn, John L.},
    doi = {10.1186/s13059-014-0537-5},
    issn = {1474760X}
}

@article{Langmead2009UltrafastGenome,
    title = {{Ultrafast and memory-efficient alignment of short DNA sequences to the human genome}},
    year = {2009},
    journal = {Genome Biology},
    author = {Langmead, Ben and Trapnell, Cole and Pop, Mihai and Salzberg, Steven L.},
    doi = {10.1186/gb-2009-10-3-r25},
    issn = {14747596},
    pmid = {19261174}
}

@article{Jiang2008UShuffle:Counts,
    title = {{uShuffle: A useful tool for shuffling biological sequences while preserving the k-let counts}},
    year = {2008},
    journal = {BMC Bioinformatics},
    author = {Jiang, Minghui and Anderson, James and Gillespie, Joel and Mayne, Martin},
    doi = {10.1186/1471-2105-9-192},
    issn = {14712105}
}

@article{Liu2017VisualizingRepA,
    title = {{Visualizing the secondary and tertiary architectural domains of lncRNA RepA}},
    year = {2017},
    journal = {Nature Chemical Biology},
    author = {Liu, Fei and Somarowthu, Srinivas and Pyle, Anna Marie},
    doi = {10.1038/nchembio.2272},
    issn = {15524469}
}

@article{Qi2004WholeApproach,
    title = {{Whole Proteome Prokaryote Phylogeny Without Sequence Alignment: A K-String Composition Approach}},
    year = {2004},
    journal = {Journal of Molecular Evolution},
    author = {Qi, Ji and Wang, Bin and Hao, Bai Iin},
    doi = {10.1007/s00239-003-2493-7},
    issn = {00222844},
    keywords = {Archaea, Compositional distance, K-strings, Phylogeny, Prokaryote, Tree of life}
}

@article{Sims2011Whole-genomeFFPs,
    title = {{Whole-genome phylogeny of Escherichia coli/Shigella group by feature frequency profiles (FFPs)}},
    year = {2011},
    journal = {Proceedings of the National Academy of Sciences of the United States of America},
    author = {Sims, Gregory E. and Kim, Sung Hou},
    doi = {10.1073/pnas.1105168108},
    issn = {00278424},
    keywords = {Commensal minimalism, Jensen-Shannon divergence, Phylotyping, Prokaryotic phylogeny}
}