@article{Bentley2014,
    title = {{Coupling mRNA processing with transcription in time and space. TL - 15}},
    year = {2014},
    journal = {Nature reviews. Genetics},
    author = {Bentley, David L},
    number = {3},
    pages = {163--175},
    volume = {15},
    publisher = {Nature Publishing Group},
    url = {/Users/yurikoharigaya/Documents/ReadCube Media/Nat Rev Genet 2014 Bentley DL.pdf\nhttp://dx.doi.org/10.1038/nrg3662},
    isbn = {1471-0056},
    doi = {10.1038/nrg3662},
    issn = {1471-0056},
    pmid = {24514444},
    arxivId = {NIHMS150003}
}

@article{Gunderson2011,
    title = {{Dynamic histone acetylation is critical for cotranscriptional spliceosome assembly and spliceosomal rearrangements.}},
    year = {2011},
    journal = {Proceedings of the National Academy of Sciences of the United States of America},
    author = {Gunderson, Felizza Q and Merkhofer, Evan C and Johnson, Tracy L},
    number = {5},
    pages = {2004--2009},
    volume = {108},
    isbn = {1091-6490 (Electronic){\textbackslash}n0027-8424 (Linking)},
    doi = {10.1073/pnas.1011982108},
    issn = {0027-8424},
    pmid = {21245291}
}

@article{Luco2011,
    title = {{Epigenetics in alternative pre-mRNA splicing}},
    year = {2011},
    journal = {Cell},
    author = {Luco, Reini F. and Allo, Mariano and Schor, Ignacio E. and Kornblihtt, Alberto R. and Misteli, Tom},
    number = {1},
    pages = {16--26},
    volume = {144},
    publisher = {Elsevier Inc.},
    isbn = {1097-4172; 0092-8674},
    doi = {10.1016/j.cell.2010.11.056},
    issn = {00928674},
    pmid = {21215366}
}

@article{PhoebeY.T.LuMichaelS.Kobor2009,
    title = {{NuA4 and SWR1-C: two chromatin-modifying complexes with overlapping functions and components}},
    year = {2009},
    journal = {Biochemistry and Cell Biology},
    author = {Lu, Phoebe Y.T. and Kobor, Michael S. and L{\'{e}}vesque, Nancy},
    number = {5},
    pages = {799--815},
    volume = {87},
    url = {http://www.nrcresearchpress.com/doi/abs/10.1139/O09-062},
    doi = {doi:10.1139/O09-062},
    issn = {0829-8211},
    keywords = {ainsi, chromatin-modifying complexes, h2a, les modifica-, nome des eucaryotes, nua4, swr1-c, z}
}

@article{LucoReiniF.PanQ.TominagaK.BlencoweB.J.Pereira-SmithO.M.Misteli2010,
    title = {{Regulation of Alternative Splicing by Histone Modifications}},
    year = {2010},
    journal = {Science},
    author = {Luco, Reini F., Pan, Q., Tominaga, K., Blencowe, B.J., Pereira-Smith, O.M., Misteli, T.},
    number = {2010},
    pages = {996--1000},
    volume = {327},
    isbn = {0036-8075},
    doi = {10.1126/science.1184208},
    issn = {0036-8075}
}

@article{Doyon2004,
    title = {{The highly conserved and multifunctional NuA4 HAT complex}},
    year = {2004},
    journal = {Current Opinion in Genetics and Development},
    author = {Doyon, Yannick and Cote, Jacques},
    number = {2},
    pages = {147--154},
    volume = {14},
    isbn = {0959-437X (Print){\textbackslash}r0959-437X (Linking)},
    doi = {10.1016/j.gde.2004.02.009},
    issn = {0959437X},
    pmid = {15196461},
    keywords = {ATM/PI-3 kinase, Ataxia telangiectasia/phosphatidylinositol-3 kinas, BrD, Bromodomain, DSB, Double-strand break, Eaf, Esa1, Esa1-associated factor, Essential Sas2-related acetyltransferase-1, HAT, HDAC, HSA, Histone acetyltransferase, Histone deacetylase}
}

@article{Hnilicova2011,
    title = {{Where splicing joins chromatin.}},
    year = {2011},
    journal = {Nucleus (Austin, Tex.)},
    author = {Hnilicov{\'{a}}, Jarmila and Stan{\v{e}}k, David},
    number = {3},
    pages = {182--8},
    volume = {2},
    url = {http://www.pubmedcentral.nih.gov/articlerender.fcgi?artid=3149878&tool=pmcentrez&rendertype=abstract},
    isbn = {1949-1042 (Electronic){\textbackslash}r1949-1042 (Linking)},
    doi = {10.4161/nucl.2.3.15876},
    issn = {1949-1042},
    pmid = {21818411},
    keywords = {Animals, Chromatin, Chromatin: genetics, Chromatin: metabolism, Humans, Nucleoproteins, Nucleoproteins: metabolism, RNA Precursors, RNA Precursors: genetics, RNA Splicing, Transcription Factors, Transcription Factors: metabolism, Transcription, Genetic, Transcription, Genetic: genetics}
}